@book{Bishop2006,
    author = {Bishop, Christopher M.},
    pages = {738},
    publisher = {Springer},
    title = {{Pattern Recognition and Machine Learning}},
    year = {2006}
}
@article{Blumberg2015,
    author = {Blumberg, W. G. and Turner, D. D. and L{\"{o}}hnert, Ulrich and Castleberry, S.},
    doi = {10.1175/JAMC-D-15-0005.1},
    journal = {Journal of Applied Meteorology and Climatology},
    number = {11},
    pages = {2305--2319},
    title = {{Ground-based temperature and humidity profiling using spectral infrared and microwave observations. Part II: Actual retrieval performance in clear-sky and cloudy conditions}},
    volume = {54},
    year = {2015}
}
@article{Cimini2011,
    author = {Cimini, Domenico and Campos, Edwin and Ware, Randolph and Albers, Steve and Giuliani, Graziano and Oreamuno, Jeos and Joe, Paul and Koch, Steve E. and Cober, Stewart and Westwater, Ed},
    doi = {10.1109/TGRS.2011.2154337},
    journal = {IEEE Transactions on Geoscience and Remote Sensing},
    number = {12},
    pages = {4959--4969},
    title = {{Thermodynamic Atmospheric Profiling During the 2010 Winter Olympics Using Ground-Based Microwave Radiometry}},
    volume = {49},
    year = {2011}
}
@book{Downey2013,
  title={{Think Bayes}},
  author={Downey, Allen},
  year={2013},
  publisher={O'Reilly Media, Inc.}
}
@article{Guldner2013,
    author = {G{\"{u}}ldner, J.},
    doi = {10.5194/amt-6-2879-2013},
    journal = {Atmospheric Measurement Techniques},
    number = {10},
    pages = {2879--2891},
    title = {{A model-based approach to adjust microwave observations for operational applications: results of a campaign at Munich Airport in winter 2011/2012}},
    volume = {6},
    year = {2013}
}
@phdthesis{Hewison2006,
    author = {Hewison, Tim J.},
    pages = {181},
    school = {University of Reading},
    title = {{Profiling Temperature and Humidity by Ground-based Microwave Radiometers}},
    type = {PhD Thesis},
    year = {2006}
}
@inproceedings{Liebe1993,
    author = {Liebe, H. J. and Hufford, G. A. and Cotton, M. G.},
    booktitle = {Atmospheric Propagation Effects through Natural and Man-Made Obscurants for Visible through MM-Wave Radiation},
    pages = {3--11},
    title = {{Propagation modeling of moist air and suspended water/ice particles at frequencies below 1000 GHz}},
    year = {1993}
}
@article{Lohnert2004,
    author = {L{\"{o}}hnert, Ulrich and Crewell, Susanne and Simmer, Clemens},
    doi = {10.1175/1520-0450(2004)043<1295:AIATRP>2.0.CO;2},
    journal = {J. Appl. Meteorol.},
    number = {9},
    pages = {1295--1307},
    title = {{An Integrated Approach toward Retrieving Physically Consistent Profiles of Temperature, Humidity, and Cloud Liquid Water}},
    volume = {43},
    year = {2004}
}
@article{Martinet2015,
    author = {Martinet, Pauline and Dabas, Alain and Donier, Jean-Marie and Douffet, Thierry and Garrouste, Olivier and Guillot, R{\'{e}}mi},
    doi = {10.3402/tellusa.v67.27925},
    journal = {Tellus A},
    pages = {1--14},
    title = {{1D-Var temperature retrievals from microwave radiometer and convective scale model}},
    volume = {67},
    year = {2015}
}
@article{Massaro2015,
    author = {Massaro, G. and Stiperski, I. and Pospichal, B. and Rotach, M. W.},
    doi = {10.5194/amt-8-3355-2015},
    journal = {Atmos. Meas. Tech.},
    number = {8},
    pages = {3355--3367},
    title = {{Accuracy of retrieving temperature and humidity profiles by ground-based microwave radiometry in truly complex terrain}},
    volume = {8},
    year = {2015}
}
@phdthesis{Massaro2013,
    author = {Massaro, Giovanni},
    school = {University of Padova},
    title = {{Temperature and humidity profiles in complex terrain by ground-based microwave radiometry}},
    type = {Master's Thesis},
    year = {2013}
}
@phdthesis{Meyer2016,
    author = {Meyer, Daniel},
    school = {ETH Z{\"{u}}rich},
    title = {{Microwave Sensing of Atmospheric Temperature - Investigating the retrieval performance by including additional profile information}},
    type = {Master's thesis},
    year = {2016}
}
@book{Petersen2012,
    author = {Petersen, Kaare Breandt and Pedersen, Michael Syskind},
    pages = {72},
    title = {{The Matrix Cookbook}},
    year = {2012}
}
@book{Rodgers2000,
    author = {Rodgers, Clive D.},
    doi = {10.1142/9789812813718},
    pages = {256},
    publisher = {World Scientific Publishing Co. Pte. Ltd.},
    series = {Series on Atmospheric Oceanic and Planetary Physics},
    title = {{Inverse Methods for Atmospheric Sounding - Theory and Practice}},
    volume = {2},
    year = {2000}
}
@article{Rose2005,
    author = {Rose, Thomas and Crewell, Susanne and L{\"{o}}hnert, Ulrich and Simmer, Clemens},
    doi = {10.1016/j.atmosres.2004.12.005},
    journal = {Atmospheric Research},
    number = {3},
    pages = {183--200},
    title = {{A network suitable microwave radiometer for operational monitoring of the cloudy atmosphere}},
    volume = {75},
    year = {2005}
}
@article{Turner2016,
    author = {Turner, D. D. and Kneifel, S. and Cadeddu, M. P.},
    doi = {10.1175/JTECH-D-15-0074.1},
    journal = {J. Atmos. Ocean. Technol.},
    month = {jan},
    number = {1},
    pages = {33--44},
    title = {{An Improved Liquid Water Absorption Model at Microwave Frequencies for Supercooled Liquid Water Clouds}},
    volume = {33},
    year = {2016}
}
